
@article{petropoulosHorsesCoursesDemand2014,
  title = {`{{Horses}} for {{Courses}}' in Demand Forecasting},
  author = {Petropoulos, Fotios and Makridakis, Spyros and Assimakopoulos, Vassilios and Nikolopoulos, Konstantinos},
  year = {2014},
  month = aug,
  journal = {European Journal of Operational Research},
  volume = {237},
  number = {1},
  pages = {152--163},
  issn = {0377-2217},
  doi = {10.1016/j.ejor.2014.02.036}
}



@book{hyndmanForecastingPrinciplesPractice2021,
  title = {Forecasting: {{Principles}} and {{Practice}}},
  author = {Hyndman, Rob J. and Athanasopoulos, George},
  year = {2021},
  edition = {3rd},
  publisher = {{Otext}}
}


