@Manual{gratis,
    title = {{gratis}: {GeneRAting TIme Series} with diverse and controllable characteristics},
    author = {Yanfei Kang and Feng Li and Rob J Hyndman and Mitchell O'Hara-Wild and Bocong Zhao},
    year = {2023},
    note = {R package version 1.0.3},
    url = {https://github.com/ykang/gratis},
  }

@article{petropoulosHorsesCoursesDemand2014,
  title = {`{{Horses}} for {{Courses}}' in Demand Forecasting},
  author = {Petropoulos, Fotios and Makridakis, Spyros and Assimakopoulos, Vassilios and Nikolopoulos, Konstantinos},
  year = {2014},
  month = aug,
  journal = {European Journal of Operational Research},
  volume = {237},
  number = {1},
  pages = {152--163},
  issn = {0377-2217},
  doi = {10.1016/j.ejor.2014.02.036}
}



@book{hyndmanForecastingPrinciplesPractice2021,
  title = {Forecasting: {{Principles}} and {{Practice}}},
  author = {Hyndman, Rob J. and Athanasopoulos, George},
  year = {2021},
  edition = {3rd},
  publisher = {{Otext}}
}


@article{liboschikTscountPackageAnalysis2017,
  title = {Tscount: {{An R Package}} for {{analysis}} of {{count time series following generalized linear models}}},
  author = {Liboschik, Tobias and Fokianos, Konstantinos and Fried, Roland},
  year = {2017},
  journal = {Journal of Statistical Software, Articles},
  volume = {82},
  number = {5},
  pages = {1--51},
  issn = {1548-7660},
  doi = {10.18637/jss.v082.i05},
}


@article{fokianosPoissonAutoregression2009,
  title = {Poisson {{autoregression}}},
  author = {Fokianos, Konstantinos and Rahbek, Anders and Tj{\o}stheim, Dag},
  year = {2009},
  month = dec,
  journal = {Journal of the American Statistical Association},
  volume = {104},
  number = {488},
  pages = {1430--1439},
  publisher = {{Taylor \& Francis}},
  issn = {0162-1459},
  doi = {10.1198/jasa.2009.tm08270},
}


@article{kourentzesElucidateStructureIntermittent2021,
  title = {Elucidate Structure in Intermittent Demand Series},
  author = {Kourentzes, Nikolaos and Athanasopoulos, George},
  year = {2021},
  month = jan,
  journal = {European Journal of Operational Research},
  volume = {288},
  number = {1},
  pages = {141--152},
  issn = {0377-2217},
  doi = {10.1016/j.ejor.2020.05.046},
}


@article{kangGRATISGeneRAtingTIme2020,
  title = {{{GRATIS}}: {{GeneRAting TIme Series}} with Diverse and Controllable Characteristics},
  shorttitle = {{{GRATIS}}},
  author = {Kang, Yanfei and Hyndman, Rob J. and Li, Feng},
  year = {2020},
  journal = {Statistical Analysis and Data Mining: The ASA Data Science Journal},
  volume = {13},
  number = {4},
  pages = {354--376},
  issn = {1932-1872},
  doi = {10.1002/sam.11461},
}


@article{koningM3CompetitionStatistical2005,
  title = {The {{M3}} Competition: {{Statistical}} Tests of the Results},
  author = {Koning, Alex J. and Franses, Philip Hans and Hibon, Mich{\`e}le and Stekler, H. O.},
  year = {2005},
  month = jul,
  journal = {International Journal of Forecasting},
  volume = {21},
  number = {3},
  pages = {397--409},
  issn = {0169-2070},
  doi = {10.1016/j.ijforecast.2004.10.003},
}



@article{aldor-noimanSpatioTemporalLowCount2013,
	title = {Spatio-Temporal Low Count Processes with Application to Violent Crime Events},
	doi = {10.48550/arXiv.1304.5642},
	journal = {{arXiv}},
	author = {Aldor-Noiman, Sivan and Brown, Lawrence D. and Fox, Emily B. and Stine, Robert A.},
	year = {2013}
}


@article{babaiDemandForecastingSupply2022,
	title = {Demand forecasting in supply chains: a review of aggregation and hierarchical approaches},
	author = {Babai, M. Zied and Boylan, John E. and Rostami-Tabar, Bahman},
	journal = {International Journal of Production Research},
	year = {2022},
	volume = {60},
	number = {1},
	pages = {324--348},
	doi = {10.1080/00207543.2021.2005268},
}

@article{kourentzesCrosstemporalCoherentForecasts2019,
	title = {Cross-temporal coherent forecasts for {Australian} tourism},
	author = {Kourentzes, Nikolaos and Athanasopoulos, George},
	journal = {Annals of Tourism Research},
	year = {2019},
	volume = {75},
	pages = {393--409},
	doi = {10.1016/j.annals.2019.02.001},
}

@article{nystrupTemporalHierarchiesAutocorrelation2020,
	title = {Temporal hierarchies with autocorrelation for load forecasting},
	author = {Nystrup, Peter and Lindström, Erik and Pinson, Pierre and Madsen, Henrik},
	journal = {European Journal of Operational Research},
	year = {2020},
	volume = {280},
	number = {3},
	pages = {876--888},
	doi = {10.1016/j.ejor.2019.07.061},
}

@article{liHierarchicalMortalityForecasting2022,
	title = {Hierarchical mortality forecasting with {EVT} tails: {An} application to solvency capital requirement},
	author = {Li, Han and Chen, Hua},
	journal = {International Journal of Forecasting},
	year = {2022},
	doi = {10.1016/j.ijforecast.2022.08.007},
        number = {In press}
}

@article{hyndmanOptimalCombinationForecasts2011,
	title = {Optimal combination forecasts for hierarchical time series},
	author = {Hyndman, Rob J. and Ahmed, Roman A. and Athanasopoulos, George and Shang, Han Lin},
	journal = {Computational Statistics \& Data Analysis},
	year = {2011},
	volume = {55},
	number = {9},
	pages = {2579--2589},
	doi = {10.1016/j.csda.2011.03.006},
}

@article{wickramasuriyaOptimalForecastReconciliation2019,
	title = {Optimal forecast reconciliation for hierarchical and grouped time Series through trace minimization},
	author = {Wickramasuriya, Shanika L. and Athanasopoulos, George and Hyndman, Rob J.},
	journal = {Journal of the American Statistical Association},
	year = {2019},
	volume = {114},
	number = {526},
	pages = {804--819},
	doi = {10.1080/01621459.2018.1448825},
}

@article{zhangOptimalReconciliationImmutable2022a,
	title = {Optimal reconciliation with immutable forecasts},
	author = {Zhang, Bohan and Kang, Yanfei and Panagiotelis, Anastasios and Li, Feng},
	journal = {European Journal of Operational Research},
	year = {2023},
	volume = {308},
	number = {2},
	pages = {650--660},
	doi = {10.1016/j.ejor.2022.11.035},
}
@article{wickramasuriyaOptimalNonnegativeForecast2020,
	title = {Optimal non-negative forecast reconciliation},
	author = {Wickramasuriya, Shanika L. and Turlach, Berwin A. and Hyndman, Rob J.},
	journal = {Statistics and Computing},
	year = {2020},
	volume = {30},
	number = {5},
	pages = {1167--1182},
	doi = {10.1007/s11222-020-09930-0},
}

@article{panagiotelisProbabilisticForecastReconciliation2022,
	title = {Probabilistic forecast reconciliation: {Properties}, evaluation and score optimisation},
	author = {Panagiotelis, Anastasios and Gamakumara, Puwasala and Athanasopoulos, George and Hyndman, Rob J.},
	journal = {European Journal of Operational Research},
	year = {2023},
	doi = {10.1016/j.ejor.2022.07.040},
	volume = {306},
	number = {2},
	pages = {693--706},
}



@article{nikolopoulosWeNeedTalk2020,
	title = {We need to talk about intermittent demand forecasting},
	author = {Nikolopoulos, Konstantinos},
	journal = {European Journal of Operational Research},
	year = {2020},
	volume={291},
	number={2},
	pages={549--559},
	doi = {10.1016/j.ejor.2019.12.046},
}

@article{petropoulosForecastingTheoryPractice2022a,
	title = {Forecasting: Theory and practice},
	author = {Petropoulos, Fotios and Apiletti, Daniele and Assimakopoulos, Vassilios and Babai, Mohamed Zied and Barrow, Devon K. and Ben Taieb, Souhaib and Bergmeir, Christoph and Bessa, Ricardo J. and Bijak, Jakub and Boylan, John E. and Browell, Jethro and Carnevale, Claudio and Castle, Jennifer L. and Cirillo, Pasquale and Clements, Michael P. and Cordeiro, Clara and Cyrino Oliveira, Fernando Luiz and De Baets, Shari and Dokumentov, Alexander and Ellison, Joanne and Fiszeder, Piotr and Franses, Philip Hans and Frazier, David T. and Gilliland, Michael and Gönül, M. Sinan and Goodwin, Paul and Grossi, Luigi and Grushka-Cockayne, Yael and Guidolin, Mariangela and Guidolin, Massimo and Gunter, Ulrich and Guo, Xiaojia and Guseo, Renato and Harvey, Nigel and Hendry, David F. and Hollyman, Ross and Januschowski, Tim and Jeon, Jooyoung and Jose, Victor Richmond R. and Kang, Yanfei and Koehler, Anne B. and Kolassa, Stephan and Kourentzes, Nikolaos and Leva, Sonia and Li, Feng and Litsiou, Konstantia and Makridakis, Spyros and Martin, Gael M. and Martinez, Andrew B. and Meeran, Sheik and Modis, Theodore and Nikolopoulos, Konstantinos and Önkal, Dilek and Paccagnini, Alessia and Panagiotelis, Anastasios and Panapakidis, Ioannis and Pavía, Jose M. and Pedio, Manuela and Pedregal, Diego J. and Pinson, Pierre and Ramos, Patrícia and Rapach, David E. and Reade, J. James and Rostami-Tabar, Bahman and Rubaszek, Michał and Sermpinis, Georgios and Shang, Han Lin and Spiliotis, Evangelos and Syntetos, Aris A. and Talagala, Priyanga Dilini and Talagala, Thiyanga S. and Tashman, Len and Thomakos, Dimitrios and Thorarinsdottir, Thordis and Todini, Ezio and Trapero Arenas, Juan Ramón and Wang, Xiaoqian and Winkler, Robert L. and Yusupova, Alisa and Ziel, Florian},
	journal = {International Journal of Forecasting},
	year = {2022},
	volume = {38},
	number = {3},
	pages = {705--871},
	doi = {10.1016/j.ijforecast.2021.11.001},
}


@misc{coraniProbabilisticReconciliationCount2022,
	title = {Probabilistic {reconciliation} of {count} {time} {series}},
	author = {Corani, Giorgio and Azzimonti, Dario and Rubattu, Nicolò and Antonucci, Alessandro},
	year = {2022},
	howpublished = {arXiv},
	doi = {10.48550/arXiv.2207.09322},
}

@misc{zambonEfficientProbabilisticReconciliation2022,
	title = {Efficient probabilistic reconciliation of forecasts for real-valued and count time series},
	author = {Zambon, Lorenzo and Azzimonti, Dario and Corani, Giorgio},
	year = {2022},
	howpublished = {arXiv},
	doi = {10.48550/arXiv.2210.02286},
}

@article{hollymanUnderstandingForecastReconciliation2021,
	title = {Understanding forecast reconciliation},
	author = {Hollyman, Ross and Petropoulos, Fotios and Tipping, Michael E.},
	journal = {European Journal of Operational Research},
	year = {2021},
	volume = {294},
	number = {1},
	pages = {149--160},
	doi = {10.1016/j.ejor.2021.01.017},
}

@article{bentaiebHierarchicalProbabilisticForecasting2020,
	title = {Hierarchical {probabilistic} {forecasting} of {electricity} {demand} {with} {smart} {meter} {data}},
	author = {Ben Taieb, Souhaib and Taylor, James W. and Hyndman, Rob J.},
	journal = {Journal of the American Statistical Association},
	year = {2021},
	volume = {116},
	number = {533},
	pages = {27--43},
	doi = {10.1080/01621459.2020.1736081},
}

@article{jeonProbabilisticForecastReconciliation2019,
	title = {Probabilistic forecast reconciliation with applications to wind power and electric load},
	author = {Jeon, Jooyoung and Panagiotelis, Anastasios and Petropoulos, Fotios},
	journal = {European Journal of Operational Research},
	year = {2019},
	volume = {279},
	number = {2},
	pages = {364--379},
	doi = {10.1016/j.ejor.2019.05.020},
}


@article{gneitingStrictlyProperScoring2007,
	title = {Strictly {proper} {scoring} {rules}, {prediction}, and {estimation}},
	author = {Gneiting, Tilmann and Raftery, Adrian E},
	journal = {Journal of the American Statistical Association},
	year = {2007},
	volume = {102},
	number = {477},
	pages = {359--378},
	doi = {10.1198/016214506000001437},
}

@article{brier1950verification,
  title={Verification of forecasts expressed in terms of probability},
  author={Brier, Glenn W and others},
  journal={Monthly Weather Review},
  volume={78},
  number={1},
  pages={1--3},
  year={1950}
}


@article{goltsosInventoryForecastingMind2022,
	title = {Inventory – forecasting: {Mind} the gap},
	author = {Goltsos, Thanos E. and Syntetos, Aris A. and Glock, Christoph H. and Ioannou, George},
	journal = {European Journal of Operational Research},
	year = {2022},
	volume = {299},
	number = {2},
	pages = {397--419},
	doi = {10.1016/j.ejor.2021.07.040},
}

@article{berryBayesianForecastingMany2020a,
	title = {Bayesian {forecasting} of {many} {count}-{valued} {time} {series}},
	author = {Berry, Lindsay R. and West, Mike},
	journal = {Journal of Business \& Economic Statistics},
	year = {2020},
	volume = {38},
	number = {4},
	pages = {872--887},
	doi = {10.1080/07350015.2019.1604372},
}


@article{weissEfficientAccountingEstimation2022,
	title = {Efficient accounting for estimation uncertainty in coherent forecasting of count processes},
	author = {Weiß, Christian H. and Homburg, Annika and Alwan, Layth C. and Frahm, Gabriel and Göb, Rainer},
	journal = {Journal of Applied Statistics},
	year = {2022},
	volume = {49},
	number = {8},
	pages = {1957--1978},
	doi = {10.1080/02664763.2021.1887104},
}

@article{kolassaWeWantCoherent2022,
	title = {Do we want coherent hierarchical forecasts, or minimal {MAPEs} or {MAEs}? ({We} won’t get both!)},
	author = {Kolassa, Stephan},
	journal = {International Journal of Forecasting},
	year = {2022},
	doi = {10.1016/j.ijforecast.2022.11.006},
	number = {In press}
}


@article{freelandForecastingDiscreteValued2004,
	title = {Forecasting discrete valued low count time series},
	author = {Freeland, R. K. and McCabe, B. P. M.},
	journal = {International Journal of Forecasting},
	year = {2004},
	volume = {20},
	number = {3},
	pages = {427--434},
	doi = {10.1016/S0169-2070(03)00014-1},
}

@article{weissParameterEstimationBinomial2013,
	title = {Parameter estimation for binomial {AR}(1) models with applications in finance and industry},
	author = {Weiß, Christian H. and Kim, Hee-Young},
	journal = {Statistical Papers},
	year = {2013},
	volume = {54},
	number = {3},
	pages = {563--590},
	doi = {10.1007/s00362-012-0449-y},
}

@article{syntetosSupplyChainForecasting2016,
	title = {Supply chain forecasting: {Theory}, practice, their gap and the future},
	author = {Syntetos, Aris A. and Babai, Zied and Boylan, John E. and Kolassa, Stephan and Nikolopoulos, Konstantinos},
	journal = {European Journal of Operational Research},
	year = {2016},
	volume = {252},
	number = {1},
	pages = {1--26},
	doi = {10.1016/j.ejor.2015.11.010},
}

@article{makridakisM5AccuracyCompetition2022,
  title = {M5 Accuracy Competition: {{Results}}, Findings, and Conclusions},
  author = {Makridakis, Spyros and Spiliotis, Evangelos and Assimakopoulos, Vassilios},
  year = {2022},
  journal = {International Journal of Forecasting},
  volume = {38},
  number = {4},
  pages = {1346--1364},
  issn = {0169-2070},
  doi = {10.1016/j.ijforecast.2021.11.013},
}


@article{stellatoOSQPOperatorSplitting2020,
	title = {{OSQP}: An operator splitting solver for quadratic programs},
	author = {Stellato, Bartolomeo and Banjac, Goran and Goulart, Paul and Bemporad, Alberto and Boyd, Stephen},
	journal = {Mathematical Programming Computation},
	year = {2020},
	volume = {12},
	number = {4},
	pages = {637--672},
	doi = {10.1007/s12532-020-00179-2},
}

@article{syntetosAccuracyIntermittentDemand2005,
  title = {The Accuracy of Intermittent Demand Estimates},
  author = {Syntetos, Aris A. and Boylan, John E.},
  year = {2005},
  journal = {International Journal of Forecasting},
  volume = {21},
  number = {2},
  pages = {303--314},
  issn = {0169-2070},
  doi = {10.1016/j.ijforecast.2004.10.001},
}

@article{kolassaEvaluatingPredictiveCount2016,
  title = {Evaluating Predictive Count Data Distributions in Retail Sales Forecasting},
  author = {Kolassa, Stephan},
  year = {2016},
  journal = {International Journal of Forecasting},
  volume = {32},
  number = {3},
  pages = {788--803},
  issn = {0169-2070},
  doi = {10.1016/j.ijforecast.2015.12.004},
}


@article{panagiotelisForecastReconciliationGeometric2021,
	title = {Forecast reconciliation: {A} geometric view with new insights on bias correction},
	author = {Panagiotelis, Anastasios and Athanasopoulos, George and Gamakumara, Puwasala and Hyndman, Rob J.},
	journal = {International Journal of Forecasting},
	year = {2021},
	volume = {37},
	number = {1},
	pages = {343--359},
	doi = {10.1016/j.ijforecast.2020.06.004},
}

@article{athanasopoulosForecastReconciliationReview2023,
  title = {Forecast Reconciliation: {{A}} Review},
  author = {Athanasopoulos, George and Hyndman, Rob J. and Kourentzes, Nikolaos and Panagiotelis, Anastasios},
  year = {2023},
  journal = {International Journal of Forecasting},
  issn = {0169-2070},
  doi = {10.1016/j.ijforecast.2023.10.010},
}


@article{fliednerHierarchicalForecastingIssues2001,
	title = {Hierarchical forecasting: Issues and use guidelines},
	author = {Fliedner, Gene},
	journal = {Industrial Management \& Data Systems},
	year = {2001},
	volume = {101},
	number = {1},
	pages = {5--12},
	doi = {10.1108/02635570110365952},
}


@inproceedings{rangapuramEndtoEndLearningCoherent2021,
	title = {End-to-{end} {learning} of {coherent} {probabilistic} {forecasts} for {hierarchical} {time} {series}},
	author = {Rangapuram, Syama Sundar and Werner, Lucien D. and Benidis, Konstantinos and Mercado, Pedro and Gasthaus, Jan and Januschowski, Tim},
	year = {2021},
	booktitle = {International {Conference} on {Machine} {Learning}},
	publisher = {PMLR},
	pages = {8832--8843},
}

@article{gneitingProbabilisticForecasting2014,
	title = {Probabilistic {forecasting}},
	author = {Gneiting, Tilmann and Katzfuss, Matthias},
	journal = {Annual Review of Statistics and Its Application},
	year = {2014},
	volume = {1},
	pages = {125--151},
	doi = {10.1146/annurev-statistics-062713-085831},
}
